@inproceedings{CCHM,
  title = {{Cubical Type Theory: A Constructive Interpretation of the Univalence Axiom}},
  author = {Cyril Cohen and Thierry Coquand and Simon Huber and Anders M{\"o}rtberg},
  year = 2018,
  booktitle = {21st International Conference on Types for Proofs and Programs (TYPES 2015)},
  publisher = {Schloss Dagstuhl--Leibniz-Zentrum fuer Informatik},
  address = {Dagstuhl, Germany},
  series = {Leibniz International Proceedings in Informatics (LIPIcs)},
  volume = 69,
  pages = {5:1--5:34},
  doi = {10.4230/LIPIcs.TYPES.2015.5},
  isbn = {978-3-95977-030-9},
  issn = {1868-8969},
  url = {http://drops.dagstuhl.de/opus/volltexte/2018/8475},
  editor = {Tarmo Uustalu},
  urn = {urn:nbn:de:0030-drops-84754},
}
@inproceedings{CHM,
  title = {On Higher Inductive Types in Cubical Type Theory},
  author = {Coquand, Thierry and Huber, Simon and M\"{o}rtberg, Anders},
  year = 2018,
  booktitle = {Proceedings of the 33rd Annual ACM/IEEE Symposium on Logic in Computer Science},
  location = {Oxford, United Kingdom},
  publisher = {Association for Computing Machinery},
  address = {New York, NY, USA},
  series = {LICS '18},
  pages = {255-264},
  doi = {10.1145/3209108.3209197},
  isbn = 9781450355834,
  numpages = 10,
}
@online{HCompPDF,
  title = {A Cubical Type Theory for Higher Inductive Types},
  author = {Simon Huber},
  year = 2017,
  month = 8,
  url = {https://www.cse.chalmers.se/~simonhu/misc/hcomp.pdf},
}
@article{NCTT,
  title = {Naive cubical type theory},
  author = {Bentzen, Bruno},
  year = 2019,
  month = 1,
  journal = {Mathematical Structures in Computer Science},
  doi = {10.1017/S096012952200007X},
}
@inproceedings{CubicalSets,
  title = {{A Model of Type Theory in Cubical Sets}},
  author = {Marc Bezem and Thierry Coquand and Simon Huber},
  year = 2014,
  booktitle = {19th International Conference on Types for Proofs and Programs (TYPES 2013)},
  publisher = {Schloss Dagstuhl--Leibniz-Zentrum fuer Informatik},
  address = {Dagstuhl, Germany},
  series = {Leibniz International Proceedings in Informatics (LIPIcs)},
  volume = 26,
  pages = {107--128},
  doi = {10.4230/LIPIcs.TYPES.2013.107},
  isbn = {978-3-939897-72-9},
  issn = {1868-8969},
  url = {http://drops.dagstuhl.de/opus/volltexte/2014/4628},
  editor = {Ralph Matthes and Aleksy Schubert},
  urn = {urn:nbn:de:0030-drops-46284},
}
@article{CubicalAgda,
  title = {Cubical Agda: A Dependently Typed Programming Language with Univalence and Higher Inductive Types},
  author = {Vezzosi, Andrea and M\"{o}rtberg, Anders and Abel, Andreas},
  year = 2019,
  month = jul,
  journal = {Proc. ACM Program. Lang.},
  publisher = {Association for Computing Machinery},
  address = {New York, NY, USA},
  volume = 3,
  number = {ICFP},
  doi = {10.1145/3341691},
  issue_date = {August 2019},
  articleno = 87,
  numpages = 29,
}
@inproceedings{ABCFHL,
  title = {Syntax and Models of Cartesian Cubical Type Theory},
  author = {Carlo Angiuli and Guillaume Brunerie and Thierry Coquand and Kuen-Bang Hou Favonia and Robert Harper and Daniel R. Licata},
  url = {https://github.com/dlicata335/cart-cube/blob/master/cart-cube.pdf},
  doi = {10.1017/S0960129521000347},
  journal = {Mathematical Structures in Computer Science},
  publisher = {Cambridge University Press},
  volume = 31,
  number = 4,
  pages = {424-468},
  year = 2021,
}
@article{InfCat,
  title = {A type theory for synthetic $\infty$-categories},
  author = {Riehl, Emily and Shulman, Michael},
  year = 2017,
  archiveprefix = {arXiv},
  eprint = {1705.07442},
  doi = {10.48550/ARXIV.1705.07442},
  url = {https://arxiv.org/abs/1705.07442},
  copyright = {arXiv.org perpetual, non-exclusive license}
}
@article{AmazingRightAdjoint,
  title = {On right adjoints to exponential functors},
  author = {David Yetter},
  year = 1987,
  journal = {Journal of Pure and Applied Algebra},
  volume = 45,
  number = 3,
  pages = {287--304},
  doi = {https://doi.org/10.1016/0022-4049(87)90077-6},
  issn = {0022-4049},
  url = {https://www.sciencedirect.com/science/article/pii/0022404987900776}
}
